@article{schulman2017proximal,
    title={Proximal Policy Optimization Algorithms},
    author={Schulman, John and Wolski, Filip and Dhariwal, Prafulla and Radford, Alec and Klimov, Oleg},
    journal={arXiv preprint arXiv:1707.06347},
    year={2017}
}

@misc{PPOcode,
    author       = {{OpenAI}},
    title        = {{OpenAI Baselines: PPO1}},
    year         = {2017},
    howpublished = {\url{https://github.com/openai/baselines/tree/master/baselines/ppo1}},
    note         = {Original source code for the PPO1 algorithm from the OpenAI Baselines repository.}
}

@article{schulman2015high,
    title={High-Dimensional Continuous Control Using Generalized Advantage Estimation},
    author={Schulman, John and Moritz, Philipp and Levine, Sergey and Jordan, Michael I and Abbeel, Pieter},
    journal={arXiv preprint arXiv:1506.02438},
    year={2015}
}

@article{kingma2014adam,
    title={Adam: A Method for Stochastic Optimization},
    author={Kingma, Diederik P and Ba, Jimmy},
    journal={arXiv preprint arXiv:1412.6980},
    year={2014}
}

@misc{gymnasium2023,
    author = {Farama Foundation},
    title = {Gymnasium},
    year = {2023},
    publisher = {GitHub},
    howpublished = {\url{https://github.com/Farama-Foundation/Gymnasium}},
}

@inproceedings{todorov2012mujoco,
    title={MuJoCo: A physics engine for model-based control},
    author={Todorov, Emanuel and Erez, Tom and Tassa, Yuval},
    booktitle={2012 IEEE/RSJ International Conference on Intelligent Robots and Systems},
    pages={5026--5033},
    year={2012},
    organization={IEEE}
}